@inproceedings{leino2010dafny,
    title={Dafny: An automatic program verifier for functional correctness},
    author={Leino, K Rustan M},
    booktitle={International Conference on Logic for Programming Artificial Intelligence and Reasoning},
    pages={348--370},
    year={2010},
    organization={Springer}
}

@inproceedings{bobot2011why3,
    title={Why3: Shepherd your herd of provers},
    author={Bobot, Fran{\c{c}}ois and Filli{\^a}tre, Jean-Christophe and March{\'e}, Claude and Paskevich, Andrei},
    booktitle={Boogie 2011: First International Workshop on Intermediate Verification Languages},
    pages={53--64},
    year={2011}
}

@inproceedings{muller2016viper,
  title={Viper: A verification infrastructure for permission-based reasoning},
  author={M{\"u}ller, Peter and Schwerhoff, Malte and Summers, Alexander J},
  booktitle={International Conference on Verification, Model Checking, and Abstract Interpretation},
  pages={41--62},
  year={2016},
  organization={Springer}
}

@unpublished{leino2008boogie,
    author = {Leino, K. Rustan M.},
    title = {This is {Boogie}~2},
    year = {2008},
    note = {Microsoft RiSE},
}

@inproceedings{ernst2019verifythis,
    title={{VerifyThis}--verification competition with a human factor},
    author={Ernst, Gidon and Huisman, Marieke and Mostowski, Wojciech and Ulbrich, Mattias},
    booktitle={International Conference on Tools and Algorithms for the Construction and Analysis of Systems},
    pages={176--195},
    year={2019},
    organization={Springer}
}

@inproceedings{barrett2010smt,
  title={The smt-lib standard: Version 2.0},
    author={Barrett, Clark and Stump, Aaron and Tinelli, Cesare and others},
      booktitle={Proceedings of the 8th International Workshop on Satisfiability Modulo Theories (Edinburgh, England)},
        volume={13},
          pages={14},
            year={2010}
}

@inproceedings{bartocci2019toolympics,
  title={TOOLympics 2019: an overview of competitions in formal methods},
    author={Bartocci, Ezio and Beyer, Dirk and Black, Paul E and Fedyukovich, Grigory and Garavel, Hubert and Hartmanns, Arnd and Huisman, Marieke and Kordon, Fabrice and Nagele, Julian and Sighireanu, Mihaela and others},
      booktitle={International Conference on Tools and Algorithms for the Construction and Analysis of Systems},
        pages={3--24},
          year={2019},
            organization={Springer}
}

@article{morgan1988specification,
  title={The specification statement},
    author={Morgan, Carroll},
      journal={ACM Transactions on Programming Languages and Systems (TOPLAS)},
        volume={10},
          number={3},
            pages={403--419},
              year={1988},
                publisher={ACM}
}

@book{manes2004predicate,
  title={Predicate transformer semantics},
    author={Manes, Ernest G},
      volume={33},
        year={2004},
          publisher={Cambridge University Press}
}

